@ARTICLE{UniversityGranada,
   author = {{\bibcorporate{Universidad de Granada}}},
   title = {Funciones Continuas},
  
	pages = "2",
    urldate={s.f},
	howpublished = {Documento electr\'onico recuperado el 8 de Agosto de 2018, de:
	\url{https://www.ugr.es/~fjperez/textos/04_continuidad_limite_funcional_show.pdf }}
	


}
@ARTICLE{Cmat,
   author = {{\bibcorporate{Centro de Matem\'atica}}},
   title = {Notas de C\'alculo Diferencial e Integal II (2002) - Clase 9},
  
	pages = "2",
	year = "2002",
    howpublished = {Documento electr\'onico recuperado el 8 de Agosto de 2018, de:
	\url{http://www.cmat.edu.uy/~mordecki/courses/calculo2/2002/teorico/9.pdf }}
}

@ARTICLE{Cimat,
   author = {{\bibcorporate{Centro de Investigaci\'on en Matem\'aticas, A.C.}}},
   title = {Continuidad},
  
	pages = "2",
	 
    howpublished = {Documento electr\'onico recuperado el 8 de Agosto de 2018, de:
	\url{https://www.cimat.mx/~jortega/MaterialDidactico/Analisis/Cap5v3.pdf }}
}


@misc{Indiana,
   author = {{\bibcorporate{Indiana University}}},
   title = {ARCHIVED: What is the difference between a compiled and an interpreted program?},
	year="2018",
    month="Enero",
	day="18",
	howpublished = {Documento electr\'onico recuperado el 9 de Agosto de 2018, de:
	\url{https://kb.iu.edu/d/agsz }}
}

@misc{dmoztools_compiled,
   author = {dmoztools},
   title = {The Directory of the Web},
	year="2009",
    month="Octubre",
	day="2",
	howpublished = {Documento electr\'onico recuperado el 9 de Agosto de 2018, de:
	\url{http://dmoztools.net/Computers/Programming/Languages/Compiled/Procedural/}}
}

@misc{dmoztools_interpreted,
   author = {dmoztools},
   title = {The Directory of the Web},
	year="2016",
    month="Febrero",
	day="16",
	howpublished = {Documento electr\'onico recuperado el 9 de Agosto de 2018, de:
	\url{http://dmoztools.net/Computers/Programming/Languages/Interpreted/}}
}

